<record><leader>00000cas a2200000 a 4500</leader><controlfield tag="001">31038455</controlfield><controlfield tag="008">940831d19uu1941iluwr ne      0   a0eng c</controlfield><datafield ind1=" " ind2=" " tag="010"><subfield code="a">sn 94060578 </subfield></datafield><datafield ind1=" " ind2=" " tag="040"><subfield code="a">NVF</subfield><subfield code="b">eng</subfield><subfield code="c">NVF</subfield><subfield code="d">CVF</subfield><subfield code="d">NVF</subfield><subfield code="d">OCLCF</subfield><subfield code="d">OCLCO</subfield></datafield><datafield ind1="1" ind2=" " tag="029"><subfield code="a">AU@</subfield><subfield code="b">000011276960</subfield></datafield><datafield ind1=" " ind2=" " tag="042"><subfield code="a">pcc</subfield></datafield><datafield ind1=" " ind2=" " tag="043"><subfield code="a">n-us-il</subfield></datafield><datafield ind1="0" ind2=" " tag="130"><subfield code="a">Community courier (Barrington, Ill.)</subfield></datafield><datafield ind1="1" ind2="4" tag="245"><subfield code="a">The community courier.</subfield></datafield><datafield ind1=" " ind2=" " tag="260"><subfield code="a">Barrington, Ill. :</subfield><subfield code="b">Courier Press</subfield></datafield><datafield ind1=" " ind2=" " tag="300"><subfield code="a">v.</subfield></datafield><datafield ind1=" " ind2=" " tag="310"><subfield code="a">Weekly</subfield></datafield><datafield ind1="0" ind2=" " tag="362"><subfield code="a">-v. 14, no. 51 (Aug. 21, 1941).</subfield></datafield><datafield ind1=" " ind2=" " tag="580"><subfield code="a">Merged with: Barrington review, to form: Barrington courier-review.</subfield></datafield><datafield ind1=" " ind2=" " tag="588"><subfield code="a">Description based on: Vol. 7, no. 16 (Dec. 15, 1933).</subfield></datafield><datafield ind1=" " ind2="0" tag="651"><subfield code="a">Barrington (Ill.)</subfield><subfield code="v">Newspapers.</subfield></datafield><datafield ind1=" " ind2="0" tag="651"><subfield code="a">Cary (Ill.)</subfield><subfield code="v">Newspapers.</subfield></datafield><datafield ind1=" " ind2="0" tag="651"><subfield code="a">Lake Zurich (Ill.)</subfield><subfield code="v">Newspapers.</subfield></datafield><datafield ind1=" " ind2="0" tag="651"><subfield code="a">Palatine (Ill.)</subfield><subfield code="v">Newspapers.</subfield></datafield><datafield ind1=" " ind2="0" tag="651"><subfield code="a">Schaumburg (Ill.)</subfield><subfield code="v">Newspapers.</subfield></datafield><datafield ind1=" " ind2="0" tag="651"><subfield code="a">Fox River Grove (Ill.)</subfield><subfield code="v">Newspapers.</subfield></datafield><datafield ind1=" " ind2="0" tag="651"><subfield code="a">Itasca (Ill.)</subfield><subfield code="v">Newspapers.</subfield></datafield><datafield ind1=" " ind2="0" tag="651"><subfield code="a">Roselle (Ill.)</subfield><subfield code="v">Newspapers.</subfield></datafield><datafield ind1=" " ind2="0" tag="651"><subfield code="a">Park Ridge (Ill.)</subfield><subfield code="v">Newspapers.</subfield></datafield><datafield ind1=" " ind2="0" tag="651"><subfield code="a">Des Plaines (Ill.)</subfield><subfield code="v">Newspapers.</subfield></datafield><datafield ind1=" " ind2="0" tag="651"><subfield code="a">Mount Prospect (Ill.)</subfield><subfield code="v">Newspapers.</subfield></datafield><datafield ind1=" " ind2="0" tag="651"><subfield code="a">Arlington Heights (Ill.)</subfield><subfield code="v">Newspapers.</subfield></datafield><datafield ind1=" " ind2="7" tag="655"><subfield code="a">Newspapers.</subfield><subfield code="2">fast</subfield><subfield code="0">(OCoLC)fst01423814</subfield></datafield><datafield ind1=" " ind2="7" tag="651"><subfield code="a">Illinois</subfield><subfield code="z">Arlington Heights.</subfield><subfield code="2">fast</subfield><subfield code="0">(OCoLC)fst01205594</subfield></datafield><datafield ind1=" " ind2="7" tag="651"><subfield code="a">Illinois</subfield><subfield code="z">Barrington.</subfield><subfield code="2">fast</subfield><subfield code="0">(OCoLC)fst01225794</subfield></datafield><datafield ind1=" " ind2="7" tag="651"><subfield code="a">Illinois</subfield><subfield code="z">Cary.</subfield><subfield code="2">fast</subfield><subfield code="0">(OCoLC)fst01217728</subfield></datafield><datafield ind1=" " ind2="7" tag="651"><subfield code="a">Illinois</subfield><subfield code="z">Des Plaines.</subfield><subfield code="2">fast</subfield><subfield code="0">(OCoLC)fst01210719</subfield></datafield><datafield ind1=" " ind2="7" tag="651"><subfield code="a">Illinois</subfield><subfield code="z">Fox River Grove.</subfield><subfield code="2">fast</subfield><subfield code="0">(OCoLC)fst01217729</subfield></datafield><datafield ind1=" " ind2="7" tag="651"><subfield code="a">Illinois</subfield><subfield code="z">Itasca.</subfield><subfield code="2">fast</subfield><subfield code="0">(OCoLC)fst01226539</subfield></datafield><datafield ind1=" " ind2="7" tag="651"><subfield code="a">Illinois</subfield><subfield code="z">Lake Zurich.</subfield><subfield code="2">fast</subfield><subfield code="0">(OCoLC)fst01259911</subfield></datafield><datafield ind1=" " ind2="7" tag="651"><subfield code="a">Illinois</subfield><subfield code="z">Mount Prospect.</subfield><subfield code="2">fast</subfield><subfield code="0">(OCoLC)fst01204259</subfield></datafield><datafield ind1=" " ind2="7" tag="651"><subfield code="a">Illinois</subfield><subfield code="z">Palatine.</subfield><subfield code="2">fast</subfield><subfield code="0">(OCoLC)fst01226737</subfield></datafield><datafield ind1=" " ind2="7" tag="651"><subfield code="a">Illinois</subfield><subfield code="z">Park Ridge.</subfield><subfield code="2">fast</subfield><subfield code="0">(OCoLC)fst01232339</subfield></datafield><datafield ind1=" " ind2="7" tag="651"><subfield code="a">Illinois</subfield><subfield code="z">Roselle.</subfield><subfield code="2">fast</subfield><subfield code="0">(OCoLC)fst01250142</subfield></datafield><datafield ind1=" " ind2="7" tag="651"><subfield code="a">Illinois</subfield><subfield code="z">Schaumburg.</subfield><subfield code="2">fast</subfield><subfield code="0">(OCoLC)fst01219146</subfield></datafield><datafield ind1=" " ind2=" " tag="752"><subfield code="a">United States</subfield><subfield code="b">Illinois</subfield><subfield code="c">Cook</subfield><subfield code="d">Barrington.</subfield></datafield><datafield ind1="1" ind2="7" tag="785"><subfield code="t">Barrington review</subfield><subfield code="w">(DLC)sn 94060577</subfield><subfield code="w">(OCoLC)31036364</subfield></datafield><datafield ind1="1" ind2="7" tag="785"><subfield code="t">Barrington courier-review</subfield><subfield code="w">(DLC)sn 94060579</subfield><subfield code="w">(OCoLC)31038498</subfield></datafield></record>